%YAML 1.1
%TAG !u! tag:unity3d.com,2011:
--- !u!1 &1953130596848259480
GameObject:
  m_ObjectHideFlags: 0
  m_CorrespondingSourceObject: {fileID: 0}
  m_PrefabInstance: {fileID: 0}
  m_PrefabAsset: {fileID: 0}
  serializedVersion: 6
  m_Component:
  - component: {fileID: 722205362074641733}
  m_Layer: 10
  m_Name: Alignable
  m_TagString: Untagged
  m_Icon: {fileID: 0}
  m_NavMeshLayer: 0
  m_StaticEditorFlags: 0
  m_IsActive: 1
--- !u!4 &722205362074641733
Transform:
  m_ObjectHideFlags: 0
  m_CorrespondingSourceObject: {fileID: 0}
  m_PrefabInstance: {fileID: 0}
  m_PrefabAsset: {fileID: 0}
  m_GameObject: {fileID: 1953130596848259480}
  m_LocalRotation: {x: 0, y: 0, z: 0, w: 1}
  m_LocalPosition: {x: 0, y: 0, z: 0}
  m_LocalScale: {x: 1, y: 1, z: 1}
  m_Children:
  - {fileID: 7306548695319494460}
  - {fileID: 4339042931077716455}
  - {fileID: 6107629577926333926}
  m_Father: {fileID: 5799629146731313711}
  m_RootOrder: 0
  m_LocalEulerAnglesHint: {x: 0, y: 0, z: 0}
--- !u!95 &5984292066206811899
Animator:
  serializedVersion: 3
  m_ObjectHideFlags: 0
  m_CorrespondingSourceObject: {fileID: 0}
  m_PrefabInstance: {fileID: 0}
  m_PrefabAsset: {fileID: 0}
  m_GameObject: {fileID: 3998264233144795997}
  m_Enabled: 1
  m_Avatar: {fileID: 0}
  m_Controller: {fileID: 9100000, guid: fb23daa8f94c19143a24a75d89b51efd, type: 2}
  m_CullingMode: 0
  m_UpdateMode: 0
  m_ApplyRootMotion: 0
  m_LinearVelocityBlending: 0
  m_WarningMessage: 
  m_HasTransformHierarchy: 1
  m_AllowConstantClipSamplingOptimization: 1
  m_KeepAnimatorControllerStateOnDisable: 0
--- !u!1 &5912901408193534611
GameObject:
  m_ObjectHideFlags: 0
  m_CorrespondingSourceObject: {fileID: 0}
  m_PrefabInstance: {fileID: 0}
  m_PrefabAsset: {fileID: 0}
  serializedVersion: 6
  m_Component:
  - component: {fileID: 7306548695319494460}
  - component: {fileID: 4211638295858771880}
  - component: {fileID: 1602868132259602614}
  - component: {fileID: 4794148475167980013}
  m_Layer: 10
  m_Name: Cube
  m_TagString: Untagged
  m_Icon: {fileID: 0}
  m_NavMeshLayer: 0
  m_StaticEditorFlags: 0
  m_IsActive: 1
--- !u!4 &7306548695319494460
Transform:
  m_ObjectHideFlags: 0
  m_CorrespondingSourceObject: {fileID: 0}
  m_PrefabInstance: {fileID: 0}
  m_PrefabAsset: {fileID: 0}
  m_GameObject: {fileID: 5912901408193534611}
  m_LocalRotation: {x: -0, y: -0, z: -0, w: 1}
  m_LocalPosition: {x: -0.15249991, y: 0.134, z: 0}
  m_LocalScale: {x: 2.2204573, y: 1.067905, z: 1}
  m_Children: []
  m_Father: {fileID: 722205362074641733}
  m_RootOrder: 0
  m_LocalEulerAnglesHint: {x: 0, y: 0, z: 0}
--- !u!33 &4211638295858771880
MeshFilter:
  m_ObjectHideFlags: 0
  m_CorrespondingSourceObject: {fileID: 0}
  m_PrefabInstance: {fileID: 0}
  m_PrefabAsset: {fileID: 0}
  m_GameObject: {fileID: 5912901408193534611}
  m_Mesh: {fileID: 10202, guid: 0000000000000000e000000000000000, type: 0}
--- !u!23 &1602868132259602614
MeshRenderer:
  m_ObjectHideFlags: 0
  m_CorrespondingSourceObject: {fileID: 0}
  m_PrefabInstance: {fileID: 0}
  m_PrefabAsset: {fileID: 0}
  m_GameObject: {fileID: 5912901408193534611}
  m_Enabled: 0
  m_CastShadows: 1
  m_ReceiveShadows: 1
  m_DynamicOccludee: 1
  m_MotionVectors: 1
  m_LightProbeUsage: 1
  m_ReflectionProbeUsage: 1
  m_RayTracingMode: 2
  m_RenderingLayerMask: 1
  m_RendererPriority: 0
  m_Materials:
  - {fileID: 2100000, guid: 26fa9ea30ab592b4fa00eb6823ae605c, type: 2}
  m_StaticBatchInfo:
    firstSubMesh: 0
    subMeshCount: 0
  m_StaticBatchRoot: {fileID: 0}
  m_ProbeAnchor: {fileID: 0}
  m_LightProbeVolumeOverride: {fileID: 0}
  m_ScaleInLightmap: 1
  m_ReceiveGI: 1
  m_PreserveUVs: 0
  m_IgnoreNormalsForChartDetection: 0
  m_ImportantGI: 0
  m_StitchLightmapSeams: 1
  m_SelectedEditorRenderState: 3
  m_MinimumChartSize: 4
  m_AutoUVMaxDistance: 0.5
  m_AutoUVMaxAngle: 89
  m_LightmapParameters: {fileID: 0}
  m_SortingLayerID: 0
  m_SortingLayer: 0
  m_SortingOrder: 0
--- !u!65 &4794148475167980013
BoxCollider:
  m_ObjectHideFlags: 0
  m_CorrespondingSourceObject: {fileID: 0}
  m_PrefabInstance: {fileID: 0}
  m_PrefabAsset: {fileID: 0}
  m_GameObject: {fileID: 5912901408193534611}
  m_Material: {fileID: 0}
  m_IsTrigger: 0
  m_Enabled: 1
  serializedVersion: 2
  m_Size: {x: 1, y: 1, z: 1}
  m_Center: {x: 0, y: 0, z: 0}
--- !u!1 &7773094167824464236
GameObject:
  m_ObjectHideFlags: 0
  m_CorrespondingSourceObject: {fileID: 0}
  m_PrefabInstance: {fileID: 0}
  m_PrefabAsset: {fileID: 0}
  serializedVersion: 6
  m_Component:
  - component: {fileID: 5799629146731313711}
  - component: {fileID: 4052285319911083893}
  - component: {fileID: 9134450713534833138}
  - component: {fileID: 2759823717260868281}
  m_Layer: 10
  m_Name: L_SubMarine
  m_TagString: Untagged
  m_Icon: {fileID: 0}
  m_NavMeshLayer: 0
  m_StaticEditorFlags: 0
  m_IsActive: 1
--- !u!4 &5799629146731313711
Transform:
  m_ObjectHideFlags: 0
  m_CorrespondingSourceObject: {fileID: 0}
  m_PrefabInstance: {fileID: 0}
  m_PrefabAsset: {fileID: 0}
  m_GameObject: {fileID: 7773094167824464236}
  m_LocalRotation: {x: -0, y: -0, z: -0, w: 1}
  m_LocalPosition: {x: 2.66, y: 0, z: 0}
  m_LocalScale: {x: 1, y: 1, z: 1}
  m_Children:
  - {fileID: 722205362074641733}
  m_Father: {fileID: 0}
  m_RootOrder: 0
  m_LocalEulerAnglesHint: {x: 0, y: 0, z: 0}
--- !u!114 &4052285319911083893
MonoBehaviour:
  m_ObjectHideFlags: 0
  m_CorrespondingSourceObject: {fileID: 0}
  m_PrefabInstance: {fileID: 0}
  m_PrefabAsset: {fileID: 0}
  m_GameObject: {fileID: 7773094167824464236}
  m_Enabled: 1
  m_EditorHideFlags: 0
  m_Script: {fileID: 11500000, guid: d9d6839b6ef4be647a5285dd899bd6dd, type: 3}
  m_Name: 
  m_EditorClassIdentifier: 
  HP: 150
  alive: 1
  estimatedRadius: 0.5
  weakDamageParticle: {fileID: 7243843324029388058, guid: 9d821feb6365a7843b8ec822560a932f,
    type: 3}
  heavyDamageParticle: {fileID: 758759280783900931, guid: 3ea71c8f696c7a148a3e4038ce51ef26,
    type: 3}
--- !u!114 &9134450713534833138
MonoBehaviour:
  m_ObjectHideFlags: 0
  m_CorrespondingSourceObject: {fileID: 0}
  m_PrefabInstance: {fileID: 0}
  m_PrefabAsset: {fileID: 0}
  m_GameObject: {fileID: 7773094167824464236}
  m_Enabled: 1
  m_EditorHideFlags: 0
  m_Script: {fileID: 11500000, guid: fa3367654787441498805f6c34637eba, type: 3}
  m_Name: 
  m_EditorClassIdentifier: 
  coins: 10
  anim: {fileID: 5984292066206811899}
--- !u!114 &2759823717260868281
MonoBehaviour:
  m_ObjectHideFlags: 0
  m_CorrespondingSourceObject: {fileID: 0}
  m_PrefabInstance: {fileID: 0}
  m_PrefabAsset: {fileID: 0}
  m_GameObject: {fileID: 7773094167824464236}
  m_Enabled: 1
  m_EditorHideFlags: 0
  m_Script: {fileID: 11500000, guid: 2673493e0113bd04cafd07c39ee114a9, type: 3}
  m_Name: 
  m_EditorClassIdentifier: 
  alignable: {fileID: 722205362074641733}
  moveSpeed: 0.65
  shockFX: {fileID: 2556731269110118087}
  stunnedTimeCharge: 0
  slowedTimeCharge: 0
  pushDistanceCharge: 0
--- !u!1001 &2057201969751173775
PrefabInstance:
  m_ObjectHideFlags: 0
  serializedVersion: 2
  m_Modification:
    m_TransformParent: {fileID: 722205362074641733}
    m_Modifications:
    - target: {fileID: 44240176198271279, guid: 76cdcf2d0836f784082818a08518167c,
        type: 3}
      propertyPath: TrailModule.widthOverTrail.minScalar
      value: 9.5
      objectReference: {fileID: 0}
    - target: {fileID: 44240176198271279, guid: 76cdcf2d0836f784082818a08518167c,
        type: 3}
      propertyPath: TrailModule.widthOverTrail.scalar
      value: 11.5
      objectReference: {fileID: 0}
    - target: {fileID: 4609420756964711496, guid: 76cdcf2d0836f784082818a08518167c,
        type: 3}
      propertyPath: m_Name
      value: Electrified0
      objectReference: {fileID: 0}
    - target: {fileID: 5210118274774695785, guid: 76cdcf2d0836f784082818a08518167c,
        type: 3}
      propertyPath: m_LocalPosition.x
      value: 0.96200013
      objectReference: {fileID: 0}
    - target: {fileID: 5210118274774695785, guid: 76cdcf2d0836f784082818a08518167c,
        type: 3}
      propertyPath: m_LocalPosition.y
      value: 0.044
      objectReference: {fileID: 0}
    - target: {fileID: 5210118274774695785, guid: 76cdcf2d0836f784082818a08518167c,
        type: 3}
      propertyPath: m_LocalPosition.z
      value: -0.66
      objectReference: {fileID: 0}
    - target: {fileID: 5210118274774695785, guid: 76cdcf2d0836f784082818a08518167c,
        type: 3}
      propertyPath: m_LocalRotation.x
      value: -0
      objectReference: {fileID: 0}
    - target: {fileID: 5210118274774695785, guid: 76cdcf2d0836f784082818a08518167c,
        type: 3}
      propertyPath: m_LocalRotation.y
      value: -0.7071068
      objectReference: {fileID: 0}
    - target: {fileID: 5210118274774695785, guid: 76cdcf2d0836f784082818a08518167c,
        type: 3}
      propertyPath: m_LocalRotation.z
      value: -0
      objectReference: {fileID: 0}
    - target: {fileID: 5210118274774695785, guid: 76cdcf2d0836f784082818a08518167c,
        type: 3}
      propertyPath: m_LocalRotation.w
      value: 0.7071068
      objectReference: {fileID: 0}
    - target: {fileID: 5210118274774695785, guid: 76cdcf2d0836f784082818a08518167c,
        type: 3}
      propertyPath: m_RootOrder
      value: 2
      objectReference: {fileID: 0}
    - target: {fileID: 5210118274774695785, guid: 76cdcf2d0836f784082818a08518167c,
        type: 3}
      propertyPath: m_LocalEulerAnglesHint.x
      value: 0
      objectReference: {fileID: 0}
    - target: {fileID: 5210118274774695785, guid: 76cdcf2d0836f784082818a08518167c,
        type: 3}
      propertyPath: m_LocalEulerAnglesHint.y
      value: -90
      objectReference: {fileID: 0}
    - target: {fileID: 5210118274774695785, guid: 76cdcf2d0836f784082818a08518167c,
        type: 3}
      propertyPath: m_LocalEulerAnglesHint.z
      value: 0
      objectReference: {fileID: 0}
    - target: {fileID: 5210118274774695785, guid: 76cdcf2d0836f784082818a08518167c,
        type: 3}
      propertyPath: m_LocalScale.x
      value: 0.050000004
      objectReference: {fileID: 0}
    - target: {fileID: 7055377428531295460, guid: 76cdcf2d0836f784082818a08518167c,
        type: 3}
      propertyPath: TrailModule.widthOverTrail.minScalar
      value: 9.5
      objectReference: {fileID: 0}
    - target: {fileID: 7055377428531295460, guid: 76cdcf2d0836f784082818a08518167c,
        type: 3}
      propertyPath: TrailModule.widthOverTrail.scalar
      value: 11.5
      objectReference: {fileID: 0}
    m_RemovedComponents: []
  m_SourcePrefab: {fileID: 100100000, guid: 76cdcf2d0836f784082818a08518167c, type: 3}
--- !u!1 &2556731269110118087 stripped
GameObject:
  m_CorrespondingSourceObject: {fileID: 4609420756964711496, guid: 76cdcf2d0836f784082818a08518167c,
    type: 3}
  m_PrefabInstance: {fileID: 2057201969751173775}
  m_PrefabAsset: {fileID: 0}
--- !u!4 &6107629577926333926 stripped
Transform:
  m_CorrespondingSourceObject: {fileID: 5210118274774695785, guid: 76cdcf2d0836f784082818a08518167c,
    type: 3}
  m_PrefabInstance: {fileID: 2057201969751173775}
  m_PrefabAsset: {fileID: 0}
--- !u!1001 &4304836456581692940
PrefabInstance:
  m_ObjectHideFlags: 0
  serializedVersion: 2
  m_Modification:
    m_TransformParent: {fileID: 722205362074641733}
    m_Modifications:
    - target: {fileID: -8679921383154817045, guid: 0270dc6c36895804c8c134c35a8f87f4,
        type: 3}
      propertyPath: m_LocalPosition.x
      value: 0
      objectReference: {fileID: 0}
    - target: {fileID: -8679921383154817045, guid: 0270dc6c36895804c8c134c35a8f87f4,
        type: 3}
      propertyPath: m_LocalPosition.y
      value: -0.333
      objectReference: {fileID: 0}
    - target: {fileID: -8679921383154817045, guid: 0270dc6c36895804c8c134c35a8f87f4,
        type: 3}
      propertyPath: m_LocalPosition.z
      value: 0
      objectReference: {fileID: 0}
    - target: {fileID: -8679921383154817045, guid: 0270dc6c36895804c8c134c35a8f87f4,
        type: 3}
      propertyPath: m_LocalRotation.x
      value: -0
      objectReference: {fileID: 0}
    - target: {fileID: -8679921383154817045, guid: 0270dc6c36895804c8c134c35a8f87f4,
        type: 3}
      propertyPath: m_LocalRotation.y
      value: -0
      objectReference: {fileID: 0}
    - target: {fileID: -8679921383154817045, guid: 0270dc6c36895804c8c134c35a8f87f4,
        type: 3}
      propertyPath: m_LocalRotation.z
      value: -0
      objectReference: {fileID: 0}
    - target: {fileID: -8679921383154817045, guid: 0270dc6c36895804c8c134c35a8f87f4,
        type: 3}
      propertyPath: m_LocalRotation.w
      value: 1
      objectReference: {fileID: 0}
    - target: {fileID: -8679921383154817045, guid: 0270dc6c36895804c8c134c35a8f87f4,
        type: 3}
      propertyPath: m_RootOrder
      value: 1
      objectReference: {fileID: 0}
    - target: {fileID: -8679921383154817045, guid: 0270dc6c36895804c8c134c35a8f87f4,
        type: 3}
      propertyPath: m_LocalEulerAnglesHint.x
      value: 0
      objectReference: {fileID: 0}
    - target: {fileID: -8679921383154817045, guid: 0270dc6c36895804c8c134c35a8f87f4,
        type: 3}
      propertyPath: m_LocalEulerAnglesHint.y
      value: 0
      objectReference: {fileID: 0}
    - target: {fileID: -8679921383154817045, guid: 0270dc6c36895804c8c134c35a8f87f4,
        type: 3}
      propertyPath: m_LocalEulerAnglesHint.z
      value: 0
      objectReference: {fileID: 0}
    - target: {fileID: -8679921383154817045, guid: 0270dc6c36895804c8c134c35a8f87f4,
        type: 3}
      propertyPath: m_LocalScale.x
      value: 1.2
      objectReference: {fileID: 0}
    - target: {fileID: -8679921383154817045, guid: 0270dc6c36895804c8c134c35a8f87f4,
        type: 3}
      propertyPath: m_LocalScale.y
      value: 1.2
      objectReference: {fileID: 0}
    - target: {fileID: -8679921383154817045, guid: 0270dc6c36895804c8c134c35a8f87f4,
        type: 3}
      propertyPath: m_LocalScale.z
      value: 1.2
      objectReference: {fileID: 0}
    - target: {fileID: 919132149155446097, guid: 0270dc6c36895804c8c134c35a8f87f4,
        type: 3}
      propertyPath: m_Name
      value: ESubmarineAnim
      objectReference: {fileID: 0}
    m_RemovedComponents: []
  m_SourcePrefab: {fileID: 100100000, guid: 0270dc6c36895804c8c134c35a8f87f4, type: 3}
--- !u!1 &3998264233144795997 stripped
GameObject:
  m_CorrespondingSourceObject: {fileID: 919132149155446097, guid: 0270dc6c36895804c8c134c35a8f87f4,
    type: 3}
  m_PrefabInstance: {fileID: 4304836456581692940}
  m_PrefabAsset: {fileID: 0}
--- !u!4 &4339042931077716455 stripped
Transform:
  m_CorrespondingSourceObject: {fileID: -8679921383154817045, guid: 0270dc6c36895804c8c134c35a8f87f4,
    type: 3}
  m_PrefabInstance: {fileID: 4304836456581692940}
  m_PrefabAsset: {fileID: 0}
